@misc { OlharDigital_PC_antigo,
		author = {Olhar Digital},
		title = {Microsoft relembra produtos que eram sucesso na época do {XP}},
		howpublished = "Site. Disponível em: \url{https://olhardigital.com.br/noticia/microsoft-relembra-produtos-que-eram-sucesso-na-epoca-do-xp/40602}",
		year = 2014,
		note = "Acesso: 11 de Março de 2018"
}

@misc { Tecmundo_S9,
	author = {Tecmundo},
	title = {Samsung {Galaxy} {S9}},
	howpublished = "Site. Disponvel em: \url{https://comparador.tecmundo.com.br/samsung-galaxy-s9/}",
	note = "Acesso: 18 de Março de 2018"
}

@book{Lecheta,
	title={Google Android: Aprenda a criar aplica{\c{c}}{\~o}es para dispositivos m{\'o}veis com o Android SDK},
	author={Ricardo R., LECHETA{,}},
	isbn={9788575224403},
	url={https://books.google.com.br/books?id=1yLYCQAAQBAJ},
	publisher={Livro. Novatec Editora, São Paulo, Brasil},
	note = "4° Edição, 2015."
}

@misc { Android_licenca,
	author = {Documentação Android},
	title = {Content License},
	howpublished = "Site. Disponvel em: \url{https://source.android.com/setup/licenses}",
	note = "Acesso: 18 de Março de 2018"
}

@book{Deitel,
	author = {P.,DEITEL{,} and H.,DEITEL{,} and A.,DEITEL{,}},
	title = {Android for Programmers: An App-Driven Approach},
	isbn = {0133570924, 9780133570922},
	publisher = {Livro. Prentice Hall Press},
	address = {Upper Saddle River, NJ, USA},
	note = "1° Edição, 2012."
} 

@misc { Junior,
	author = "José Ernesto Almas de Jesus, JUNIOR{,}",
	title = "Implementação de um Osciloscópio de baixo custo com exibição gráfica em aplicativo para Android",
	note = "Trabalho de Conclusão de Curso. Universidade de São Paulo. São Carlos, 2016. Disponível em \url{http://www.tcc.sc.usp.br/tce/disponiveis/97/970010/tce-04012017-163919/?&lang=br}. Acesso: 20 de Novembro de 2018"
}

@INPROCEEDINGS{Nwokorie, 
	author={A. C.,EBERENDU{,} and B. O.,OMAIYE{,} and E. C., NOWOKORIE{,}}, 
	booktitle={2017 IEEE 3rd International Conference on Electro-Technology for National Development (NIGERCON)}, 
	title={Using android application to turn smart device into digital microscope on Arduino and Window Platform}, 
	year={2017}, 
	volume={}, 
	number={}, 
	pages={508-513}, 
	keywords={mobile computing;optical microscopy;smart phones;video signal processing;Android program;Android/Arduino/Windows Platform;Smartphone microscopy technology;Visual Basic 2010 platform;android application;digital microscope;lenses;magnified image;magnified objects;magnified video;medical laboratories;microcontroller;optical device;scientific laboratories;smart device;Androids;Cameras;Hardware;Humanoid robots;Light emitting diodes;Liquid crystal displays;Microscopy;Android Application;Microscopic Image;Microscopy Technology;Smartphone Microscopy;Smartscope Hardware;Traditional Microscope}, 
	doi={10.1109/NIGERCON.2017.8281919}, 
	ISSN={},
	note = "Disponível em: \url{https://ieeexplore.ieee.org/document/8281919}. Acesso: 20 de Novembro de 2018."
}

@INPROCEEDINGS{Lin, 
	author={H. F.,TENG{,} and M. J.,WANG{,} and C. M.,LIN{,}}, 
	booktitle={2011 Second International Conference on Innovations in Bio-inspired Computing and Applications}, 
	title={An Implementation of Android-Based Mobile Virtual Instrument for Telematics Applications}, 
	year={2011}, 
	volume={}, 
	number={}, 
	pages={306-308}, 
	keywords={mechanical engineering computing;mobile computing;virtual instrumentation;A/V entertainment;Android-based mobile virtual instrument;CAN-Bus driver;ECU;Google-Android mobile;OBD II/CAN Bus;remote business;road navigation;telematics applications;traffic safety;vehicle communication;Google;Instruments;Mobile communication;Smart phones;Software;Telematics;Vehicles;Android;CAN Bus;OBD II;Telematics}, 
	doi={10.1109/IBICA.2011.81}, 
	ISSN={},
	note = "Disponível em: \url{https://ieeexplore.ieee.org/document/6118785}. Acesso: 20 de Novembro de 2018."
}

@misc { Delft,
	author = {J.,OVERMAN{,} and L.,POOL{,} and L.,KREUK{,} and T.,{KETEL}},
	title = {{Arduino - The Open-Source IDE}},
	howpublished = "Site. Disponível em: \url{https://delftswa.gitbooks.io/desosa-2017/content/arduino/chapter.html}",
	year = "Acesso: 08 de Abril de 2018"
}

@misc { Proteus,
	author = {Labcenter Electronics},
	title = {{Create Your Package}},
	howpublished = "Site. Disponível em: \url{https://www.labcenter.com/buy-vsm/}",
	note = "Acesso: 15 de Abril de 2018"
}

@misc { VBB,
	author = {VirtualBreadboard},
	title = {{VBB Software Licenses}},
	howpublished = "Site. Disponível em: \url{http://www.virtualbreadboard.com/DocView.html?doc=WebShop/WebShop}",
	note = "Acesso: 15 de Abril de 2018"
}

@misc { Simuino,
	author = {Simuino},
	title = {{Arduino UNO/MEGA Simulator}},
	howpublished = "Site. Disponível em: \url{http://web.simuino.com/home-1}",
	note = "Acesso: 15 de Abril de 2018"
}

@misc { CodeBlocks,
	author = {Stanley,HUANG{,}},
	title = {{CodeBlocks Arduino IDE}},
	howpublished = "Site. Disponível em: \url{http://arduinodev.com/codeblocks/}",
	note = "Acesso: 15 de Abril de 2018"
}

@misc { Tinkercad,
	author = {Autodesk},
	title = {O {Tinkercad} é um aplicativo simples e on-line de projeto e impressão 3D para todos os usuários.},
	howpublished = "Site. Disponível em: \url{https://www.tinkercad.com/}",
	note = "Acesso: 15 de Abril de 2018"
}

@misc { UnoArduSim,
	author = {Stan, SIMMONS{,}},
	title = {{Simulator Download}},
	howpublished = "Site. Disponível em: \url{https://www.sites.google.com/site/unoardusim/services}",
	note = "Acesso: 20 de Novembro de 2018"
}

@misc {atmega328p_datasheet,
	author = {Atmel},
	title = {{ATmega328/P} DATASHEET COMPLETE},
	howpublished = "Folha de Dados. Disponível em: \url{http://ww1.microchip.com/downloads/en/DeviceDoc/Atmel-42735-8-bit-AVR-Microcontroller-ATmega328-328P_Datasheet.pdf}",
	note = "Acesso: 25 de Maio de 2018."
}

@misc {IntelHex,
	author = {Intel},
	title = {{Hexadecimal Object File Format
	Specification}},
	howpublished = "Relatório técnico. Disponível em: \url{https://people.ece.cornell.edu/land/courses/ece4760/FinalProjects/s2012/ads264_mws228/Final%20Report/Final%20Report/Intel%20HEX%20Standard.pdf}",
	note = "Acesso: 25 de Maio de 2018"
}

@misc { Sensor_Temperatura,
	author = {Arduino},
	title = {{Internal Temperature Sensor}},
	howpublished = "Site. Disponível em:\url{https://playground.arduino.cc/Main/InternalTemperatureSensor}",
	note = "Acesso: 27 de Maio de 2018"
}

@book{Pressman,
	author = {Roger,PRESSMAN{,}},
	title = {Engenharia de Software: Uma abordagem profissional},
	publisher = {Livro. AMGH Editora Ltda, Porto Alegre, Brasil},
	note = "7° Edição, 2011."
}

@misc { IBM_SCRUM,
	author = {Rodolpho Ugolini, NETO{,}},
	title = {Ferramenta {SCRUM} gratuita (Free)},
	howpublished = "Site. Disponível em: \url{https://www.ibm.com/developerworks/community/blogs/rationalbrasil/entry/ferramenta_scrum_gratu_c3_adta_free96?lang=en}",
	note = "Acesso: 30 de Outubro de 2018"
} 

@book{Jeff,
	author = {Jeff, SUTHERLAND{,}},
	title = {SCRUM: A arte de fazer o dobro de trabalho na metade do tempo},
	year = {2014},
	publisher = {Livro. Leya, São Paulo, Brasil},
} 

@book{Delamaro,
	author = {M. E., DELAMARO{,} and José Carlos, MALDONADO{,} and Mario, JINO{,}},
	title = {Introdução ao Teste de Software},
	year = {2007},
	publisher = {Livro. Campus, Rio de Janeiro, Brasil},
} 

@misc {AndMCU,
	author = {Harry, KONSTAS{,}},
	title = {{AndMCU Documentation}},
	howpublished = "Site. Disponível em: \url{https://sites.google.com/site/hkonstas/android-stuff/andmcu/andmcu-documentation}",
	note = "Acesso: 04 de Agosto de 2018"
}

@misc {Meminfo,
	author = {Documentação Android},
	title = {dumpsys},
	howpublished = "Site. Disponível em: \url{https://developer.android.com/studio/command-line/dumpsys#meminfo}",
	note = "Acesso: 06 de Agosto de 2018"
}
